@comment{x-kbibtex-encoding=UTF-8}

@comment{x-kbibtex-personnameformatting=<%f ><%l>< %s>}

@misc{BDSG9,
	author = {Bundesregierung},
	booktitle = {{Bundesdatenschutzgesetz}},
	publisher = {Bundesregierung},
	title = {{Bundesdatenschutzgesetz {\S}9}},
	url = {http://www.gesetze-im-internet.de/bdsg_1990/__9.html},
	year = {1990}
}

@book{Kleuker11,
	address = {Wiesbaden},
	author = {Stephan Kleuker},
	edition = {2., korrigierte und erw.~Aufl.},
	isbn = {978-3-8348-1417-3},
	publisher = {Vieweg + Teubner Verlag},
	title = {{Grundkurs Software-Engineering mit UML}},
	year = {2011}
}

@misc{Mayiopoulos2010,
	author = {Polivios Mayiopoulos},
	title = {{Analysis I}},
	url = {http://www.rz.rwth-aachen.de/aw/cms/rz/Zielgruppen/rz_auszubildende/veranstaltungen/mathematik/pflichtkurse/~rcm/analysis_i/?lang=de},
	year = {2010}
}

@book{Merziger2011,
	address = {Barsinghausen},
	author = {G. Merziger and T. Wirth},
	edition = {6. Aufl.},
	isbn = {978-3-923923-34-2},
	publisher = {Binomi Verlag},
	title = {{Repetitorium höhere Mathematik}},
	year = {2010}
}

@book{Merziger2010,
	address = {Barsinghausen},
	author = {G. Merziger},
	edition = {6. Aufl.},
	isbn = {978-3-923923-36-6},
	pages = {237},
	publisher = {Binomi Verlag},
	title = {{Formeln + Hilfen höhere Mathematik}},
	year = {2010}
}

@book{Papula1,
	address = {Wiesbaden},
	author = {Lothar Papula},
	edition = {11., verb. und erw. Aufl.},
	isbn = {978-3-8348-0224-8},
	publisher = {Vie\-weg + Teubner Verlag},
	series = {{Mathematik für Ingenieure und Naturwissenschaftler}},
	title = {Ein Lehr- und Arbeitsbuch für das Grundstudium},
	volume = {1},
	year = {2007}
}

@book{Papula2,
	address = {Wiesbaden},
	author = {Lothar Papula},
	title = {Ein Lehr- und Arbeitsbuch für das Grundstudium},
	edition = {13., durchges. Aufl.},
	isbn = {978-3-8348-1589-7},
	publisher = {Vie\-weg + Teubner Verlag},
	series = {{Mathematik für Ingenieure und Naturwissenschaftler}},
	volume = {2},
	year = {2012}
}

@book{Papula3,
	address = {Wiesbaden},
	author = {Lothar Papula},
	title = {{Vektoranalysis, Wahrscheinlichkeitsrechnung, mathematische Statistik, Fehler- und Ausgleichsrechnung}},
	edition = {6., überarb. und erw. Aufl.},
	isbn = {978-3-8348-1227-8},
	publisher = {Vie\-weg + Teubner Verlag},
	series = {{Mathematik für Ingenieure und Naturwissenschaftler}},
	volume = {3},
	year = {2011}
}

@book{PapulaFS,
	address = {Wiesbaden},
	author = {Lothar Papula},
	edition = {9., durchges. und erw. Aufl.},
	isbn = {978-3-8348-0156-2},
	publisher = {Friedr. Vie\-weg {\&} Sohn Verlag},
	title = {{Mathematische Formelsammlung für Ingenieure und Naturwissenschaftler}},
	year = {2006}
}

@misc{Pflug2011,
	author = {Hans Joachim Pflug},
	title = {{1. Programmiersprache Java}},
	url = {http://www.rz.rwth-aachen.de/aw/cms/rz/Zielgruppen/rz_auszubildende/veranstaltungen/programmiersprachen/Pflichtkurse/~qxt/java/?lang=de},
	year = {2011}
}

@misc{Willemsen2011,
	author = {Hans Joachim Pflug and Benno Willemsen},
	title = {{Lineare Algebra 1/2}},
	url = {http://www.rz.rwth-aachen.de/aw/cms/rz/Zielgruppen/rz_auszubildende/veranstaltungen/mathematik/pflichtkurse/~rcp/lineare_algebra_i/?lang=de},
	year = {2011}
}

@misc{Schaefer2013,
	author = {Horst Schäfer},
	title = {{Formelsammlung Stochastik}},
	url = {http://www.rz.rwth-aachen.de/aw/cms/rz/Zielgruppen/rz_auszubildende/veranstaltungen/mathematik/pflichtkurse/~rcu/stochastik/?lang=de},
	year = {2013}
}

@book{Schoening,
	address = {Heidelberg; Berlin},
	author = {Uwe Schöning},
	isbn = {3-8274-0232-8},
	publisher = {Spektrum, Akad. Verlag},
	title = {{Algorithmen -- kurz gefaßt}},
	year = {1997}
}

@book{Sommerville,
	address = {München},
	author = {Ian Sommerville},
	edition = {9., aktualisierte Aufl.},
	isbn = {978-3-86894-099-2},
	publisher = {Pearson Deutschland GmbH},
	title = {{Software Engineering}},
	year = {2012}
}

@misc{Terstegge2012,
	author = {Andreas Terstegge},
	title = {{Software Engineering Vorlesungsfolien}},
	url = {http://www.rz.rwth-aachen.de/aw/cms/rz/Zielgruppen/rz_auszubildende/veranstaltungen/informatik/pflichtkurse/~qwd/software_engineering/?lang=de},
	year = {2012}
}

@book{Teschl1,
	address = {Berlin; Heidelberg},
	author = {Gerald Teschl and Susanne Teschl},
	title = {{Diskrete Mathematik und lineare Algebra}},
	edition = {2. Aufl.},
	isbn = {978-3-540-70824-7},
	publisher = {Springer-Verlag},
	series = {{Mathematik für Informatiker}},
	volume = {1},
	year = {2007}
}

@book{Teschl2,
	address = {Berlin; Heidelberg},
	author = {Gerald Teschl and Susanne Teschl},
	title = {{Analysis und Statistik}},
	edition = {2. Aufl.},
	isbn = {978-3-540-72451-3},
	publisher = {Springer-Verlag},
	series = {{Mathematik für Informatiker}},
	volume = {2},
	year = {2007}
}

@book{deGruyter1,
	address = {Berlin; New York},
	author = {Peter Deuflhard and Andreas Hohmann},
	title = {{Eine algorithmisch orientierte Einführung}},
	isbn = {3-11-012918-3},
	publisher = {deGruyter},
	series = {{Numerische Mathematik}},
	volume = {1},
	year = {1991}
}

@book{deGruyter2,
	address = {Berlin; New York},
	author = {Peter Deuflhard and Folkmar Bornemann},
	title = {{Integration gewöhnlicher Differentialgleichungen}},
	isbn = {3-11-013937-5},
	publisher = {deGruyter},
	series = {{Numerische Mathematik}},
	volume = {2},
	year = {1994}
}

@misc{Voss2011,
	author = {Alexander Voß and B. Küppers and B. Kraft and M. Sczimarowsky},
	title = {{IT Grundlagen Semesterkurs}},
	url = {http://www.rz.rwth-aachen.de/aw/cms/rz/Zielgruppen/rz_auszubildende/veranstaltungen/informatik/pflichtkurse/~qvw/it_grundlagen/?lang=de},
	year = {2011}
}

@misc{wikibook:AsmProgr,
	author = {Wikibooks},
	note = {[Online; Stand 20. April 2012]},
	title = {{Assembler-Programmierung für x86-Prozessoren -- Wikibooks}},
	url = {http://de.wikibooks.org/w/index.php?title=Assembler-Programmierung_f%C3%BCr_x86-Prozessoren&oldid=631075},
	year = {2012}
}

@misc{wiki:Assemblersprache,
	author = {Wikipedia},
	note = {[Online; Stand 20. April 2012]},
	title = {{Assemblersprache -- Wikipedia{,} Die freie Enzyklopädie}},
	url = {http://de.wikipedia.org/w/index.php?title=Assemblersprache&oldid=102180077},
	year = {2012}
}

@misc{wiki:Einerkomplement,
	author = {Wikipedia},
	note = {[Online; Stand 20. April 2012]},
	title = {{Einerkomplement -- Wikipedia{,} Die freie Enzyklopädie}},
	url = {http://de.wikipedia.org/w/index.php?title=Einerkomplement&oldid=100846954},
	year = {2012}
}

@misc{wiki:Festkommazahl,
	author = {Wikipedia},
	note = {[Online; Stand 20. April 2012]},
	title = {{Festkommazahl -- Wikipedia{,} Die freie Enzyklopädie}},
	url = {http://de.wikipedia.org/w/index.php?title=Festkommazahl&oldid=101255745},
	year = {2012}
}

@misc{wiki:Gleitkommazahl,
	author = {Wikipedia},
	note = {[Online; Stand 20. April 2012]},
	title = {{Gleitkommazahl -- Wikipedia{,} Die freie Enzyklopädie}},
	url = {http://de.wikipedia.org/w/index.php?title=Gleitkommazahl&oldid=101255894},
	year = {2012}
}

@misc{wiki:IEEE754,
	author = {Wikipedia},
	note = {[Online; Stand 20. April 2012]},
	title = {{IEEE 754 -- Wikipedia{,} Die freie Enzyklopädie}},
	url = {http://de.wikipedia.org/w/index.php?title=IEEE_754&oldid=101722017},
	year = {2012}
}

@misc{wiki:Zweierkomplement,
	author = {Wikipedia},
	note = {[Online; Stand 20. April 2012]},
	title = {{Zweierkomplement -- Wikipedia{,} Die freie Enzyklopädie}},
	url = {http://de.wikipedia.org/w/index.php?title=Zweierkomplement&oldid=101985901},
	year = {2012}
}

@misc{wiki:Hammingcode,
	author = {Wikipedia},
	note = {[Online; Stand 20. April 2012]},
	title = {{Hammingcode -- Wikipedia{,} Die freie Enzyklopädie}},
	url = {http://de.wikipedia.org/w/index.php?title=Hammingcode&oldid=7094873},
	year = {2004}
}

@book{Dahmen2008,
	author = {Dahmen, Wolfgang and Reusken, Arnold},
	edition = {2., korrigierte Aufl.},
	isbn = {978-3-540-76492-2},
	location = {Berlin; Heidelberg},
	publisher = {Springer-Verlag},
	title = {{Numerik für Ingenieure und Naturwissenschaftler}},
	year = {2008}
}

@book{DesignPatterns,
	author = {Gamma, Erich and Helm, Richard and Johnson, Ralph and Vlissides, John},
	edition = {35. print},
	isbn = {978-0-201-63361-0},
	location = {Boston, Mass. ; San Francisco, Calif. ; Sidney ; Tokyo ; Singapore ; Mexico City ; New York, NY ; Toronto ; Montreal ; London ; Munich ; Paris ; Madrid ; Capetown},
	publisher = {Addison Wesley Longman Publishing Co., Inc.},
	title = {{Design Patterns---Elements of Reusable Object-Oriented Software}},
	year = {2007},
	language = {Engl.}
}

@book{KnuthMMIX,
	author = {Knuth, Donald E.},
	isbn = {0-201-85392-2},
	publisher = {Addison Wesley Longman Publishing Co., Inc.},
	series = {The Art of Computer Programming},
	title = {{Fascicle 1\@. MMIX, a RISC computer for the new millennium}},
	year = 2005,
	language = {Engl.}
}

@book{TAOCP1,
	author = {Knuth, Donald E.},
	isbn = {0-201-89683-4},
	publisher = {Addison Wesley Longman Publishing Co., Inc.},
	series = {The Art of Computer Programming},
	title = {Fundamental Algorithms},
	volume = {1},
	edition = {3rd Ed.},
	year = 1997,
	address = {Redwood City, CA, USA},
	language = {Engl.}
}

@book{TAOCP2,
	author = {Knuth, Donald E.},
	isbn = {0-201-89684-2},
	publisher = {Addison Wesley Longman Publishing Co., Inc.},
	series = {The Art of Computer Programming},
	title = {Seminumerical Algorithms},
	volume = {2},
	edition = {3rd Ed.},
	year = 1997,
	address = {Boston, MA, USA},
	language = {Engl.}
}

@book{TAOCP3,
	author = {Knuth, Donald E.},
	isbn = {0-201-89685-0},
	publisher = {Addison Wesley Longman Publishing Co., Inc.},
	series = {The Art of Computer Programming},
	title = {Sorting and Searching},
	volume = {3},
	edition = {2nd Ed.},
	year = 1998,
	address = {Redwood City, CA, USA},
	language = {Engl.}
}

@book{TAOCP4a,
	author = {Knuth, Donald E.},
	isbn = {0-201-03804-8},
	publisher = {Addison Wesley Longman Publishing Co., Inc.},
	series = {The Art of Computer Programming},
	title = {Combinatorial Algorithms, Part 1},
	volume = {4a},
	year = 2011,
	address = {Redwood City, CA, USA},
	language = {Engl.}
}

@book{ConcreteMath,
	author = {Knuth, Donald E. and Graham, Ronald L. and Patashnik, Oren},
	isbn = {0-201-55802-5},
	publisher = {Addison Wesley Longman Publishing Co., Inc.},
	title = {Concrete Mathematics: A Foundation for Computer Science},
	edition = {2nd Ed.},
	year = 1994,
	address = {Boston, MA, USA},
	language = {Engl.}
}

@book{Analysis2,
	author = {Thomas, George B. and Weir, Maurice D. and Hass, Joel},
	isbn = {978-3-86894-172-2},
	publisher = {Pearson Deutschland GmbH},
	title = {Analysis 2},
	edition = {12., aktualisierte Auflage},
	year = 2014,
	address = {Hallbergmoos}
}

@book{GenFunc,
    author = {Wilf, Herbert S.},
    isbn = {978-0127519562},
    publisher = {Elsevier Science Publishing Co. Inc.},
    title = {generatingfunctionology},
    edition = {2nd Ed.},
    year = 1994,
    address = {San Diego},
    language = {Engl.}
}
